<?xml version = "1.0" encoding = "UTF-8"?><record>
  <leader>00000nam#a2200000#c#4500</leader>
  <controlfield tag="005">20190306141700.0</controlfield>
  <controlfield tag="007">tu</controlfield>
  <controlfield tag="008">060512|1683####ne############|||#|#fre#c</controlfield>
  <controlfield tag="003">DE-605</controlfield>
  <controlfield tag="001">990148108660206441</controlfield>
  <datafield tag="016" ind1="7" ind2=" ">
    <subfield code="a">731181949</subfield>
    <subfield code="2">OCoLC</subfield>
  </datafield>
  <datafield tag="026" ind1=" " ind2=" ">
    <subfield code="e">ree- .&quot;s&quot; e&quot;s&quot; &quot;l&quot;r 3 1683R</subfield>
  </datafield>
  <datafield tag="035" ind1=" " ind2=" ">
    <subfield code="a">(DE-605)TT001726537</subfield>
  </datafield>
  <datafield tag="040" ind1=" " ind2=" ">
    <subfield code="a">Kn 28</subfield>
    <subfield code="b">ger</subfield>
    <subfield code="c">Kn 28</subfield>
    <subfield code="d">HBZ/Red</subfield>
    <subfield code="e">rakwb</subfield>
  </datafield>
  <datafield tag="041" ind1=" " ind2=" ">
    <subfield code="a">fre</subfield>
  </datafield>
  <datafield tag="044" ind1=" " ind2=" ">
    <subfield code="c">XA-NL</subfield>
  </datafield>
  <datafield tag="245" ind1="0" ind2="0">
    <subfield code="a">Critique Du Jesuite Secularis&#233;</subfield>
  </datafield>
  <datafield tag="246" ind1="3" ind2=" ">
    <subfield code="a">Apologie pour M. Maimbourg ou Critique du Jesuite secularis&#233;</subfield>
  </datafield>
  <datafield tag="246" ind1="1" ind2=" ">
    <subfield code="i">Nebent.</subfield>
    <subfield code="a">Apologie Pour M. Maimbourg, Ou, Critique Du Jesuite Secularis&#233;</subfield>
  </datafield>
  <datafield tag="246" ind1="3" ind2=" ">
    <subfield code="a">Critiqve Dv Iesvite Secularis&#233;</subfield>
  </datafield>
  <datafield tag="264" ind1=" " ind2="1">
    <subfield code="a">Cologne [i.e.] Amsterdam</subfield>
    <subfield code="b">Delpeuck</subfield>
    <subfield code="c">1683</subfield>
  </datafield>
  <datafield tag="300" ind1=" " ind2=" ">
    <subfield code="a">[2] Bl., 116 S. : Ill. (Kupfert.)</subfield>
  </datafield>
  <datafield tag="500" ind1=" " ind2=" ">
    <subfield code="a">Streitschrift gegen Dupr&#233;, ...: Le Jesuite Secularis&#233;</subfield>
    <subfield code="9">F:501</subfield>
  </datafield>
  <datafield tag="500" ind1=" " ind2=" ">
    <subfield code="a">Bibliogr. Nachweis: VD17 3:007520C</subfield>
    <subfield code="9">F:508</subfield>
  </datafield>
  <datafield tag="500" ind1=" " ind2=" ">
    <subfield code="a">Vorlageform des Erscheinungsvermerks: A Cologne, Ch&#233;z Eusebe Delpeuck. M. DC. LXXXIII. - Erscheinungsvermerk fingiert; lt. Weller in Amsterdam ersch.</subfield>
    <subfield code="9">F:511</subfield>
  </datafield>
  <datafield tag="500" ind1=" " ind2=" ">
    <subfield code="a">Signaturformel: A-E6</subfield>
    <subfield code="9">F:512</subfield>
  </datafield>
  <datafield tag="700" ind1="1" ind2=" ">
    <subfield code="a">Maimbourg, Louis</subfield>
    <subfield code="d">1610-1686</subfield>
    <subfield code="0">(DE-588)115541802</subfield>
    <subfield code="4">oth</subfield>
    <subfield code="0">(uri) https://portal.dnb.de/opac.htm?method=simpleSearch&amp;cqlMode=true&amp;query=idn=115541802</subfield>
    <subfield code="0">(uri) http://viaf.org/viaf/sourceID/DNB|115541802</subfield>
    <subfield code="B">GND-115541802</subfield>
  </datafield>
  <datafield tag="751" ind1=" " ind2=" ">
    <subfield code="a">K&#246;ln</subfield>
    <subfield code="0">2015732-0</subfield>
    <subfield code="4">pup</subfield>
  </datafield>
  <datafield tag="964" ind1="0" ind2="s">
    <subfield code="F">030</subfield>
    <subfield code="A">a|1uc||||||37</subfield>
  </datafield>
  <datafield tag="964" ind1="0" ind2="s">
    <subfield code="F">050</subfield>
    <subfield code="A">a|a|||||||||||</subfield>
  </datafield>
  <datafield tag="964" ind1="0" ind2="s">
    <subfield code="F">051</subfield>
    <subfield code="A">m|||||||</subfield>
  </datafield>
  <datafield tag="035" ind1=" " ind2=" ">
    <subfield code="a">(OCoLC)731181949</subfield>
    <subfield code="0">(uri) http://www.worldcat.org/oclc/731181949</subfield>
  </datafield>
  <datafield tag="035" ind1=" " ind2=" ">
    <subfield code="a">(DE-599)HBZTT001726537</subfield>
  </datafield>
  <datafield tag="MBD" ind1=" " ind2=" ">
    <subfield code="M">49HBZ_NETWORK</subfield>
    <subfield code="i">990148108660206441</subfield>
    <subfield code="n">HBZ Network</subfield>
  </datafield>
  <datafield tag="MNG" ind1=" " ind2=" ">
    <subfield code="c">System</subfield>
    <subfield code="f">ILS</subfield>
    <subfield code="i">marc21</subfield>
    <subfield code="k">01</subfield>
    <subfield code="e">false</subfield>
    <subfield code="d">2021-04-08 20:39:12 Europe/Berlin</subfield>
    <subfield code="g">014810866-HBZ01</subfield>
    <subfield code="j">60</subfield>
    <subfield code="a">import</subfield>
    <subfield code="b">2021-04-06 01:29:20 Europe/Berlin</subfield>
  </datafield>
  <datafield tag="GPN" ind1="1" ind2=" ">
    <subfield code="a">Mainbourg, Louis</subfield>
    <subfield code="d">1610-1686</subfield>
    <subfield code="A">GND</subfield>
    <subfield code="B">GND-115541802</subfield>
    <subfield code="C">400</subfield>
  </datafield>
  <datafield tag="GPN" ind1="1" ind2=" ">
    <subfield code="a">Maimbourg, ...</subfield>
    <subfield code="d">1610-1686</subfield>
    <subfield code="A">GND</subfield>
    <subfield code="B">GND-115541802</subfield>
    <subfield code="C">400</subfield>
  </datafield>
  <datafield tag="GPN" ind1="1" ind2=" ">
    <subfield code="a">Romain, Fran&#231;ois</subfield>
    <subfield code="d">1610-1686</subfield>
    <subfield code="A">GND</subfield>
    <subfield code="B">GND-115541802</subfield>
    <subfield code="C">400</subfield>
  </datafield>
  <datafield tag="GPN" ind1="1" ind2=" ">
    <subfield code="a">Maimburgus, Ludovicus</subfield>
    <subfield code="d">1610-1686</subfield>
    <subfield code="A">GND</subfield>
    <subfield code="B">GND-115541802</subfield>
    <subfield code="C">400</subfield>
  </datafield>
  <datafield tag="GPN" ind1="1" ind2=" ">
    <subfield code="a">Maimburgius, Ludovicus</subfield>
    <subfield code="d">1610-1686</subfield>
    <subfield code="A">GND</subfield>
    <subfield code="B">GND-115541802</subfield>
    <subfield code="C">400</subfield>
  </datafield>
  <datafield tag="GPN" ind1="1" ind2=" ">
    <subfield code="a">Maimburg, Ludwig</subfield>
    <subfield code="d">1610-1686</subfield>
    <subfield code="A">GND</subfield>
    <subfield code="B">GND-115541802</subfield>
    <subfield code="C">400</subfield>
  </datafield>
  <datafield tag="GPN" ind1="1" ind2=" ">
    <subfield code="a">Maimbourg, Lewis</subfield>
    <subfield code="d">1610-1686</subfield>
    <subfield code="A">GND</subfield>
    <subfield code="B">GND-115541802</subfield>
    <subfield code="C">400</subfield>
  </datafield>
  <datafield tag="GPN" ind1="1" ind2=" ">
    <subfield code="a">Maimburgo, Luigi</subfield>
    <subfield code="d">1610-1686</subfield>
    <subfield code="A">GND</subfield>
    <subfield code="B">GND-115541802</subfield>
    <subfield code="C">400</subfield>
  </datafield>
  <datafield tag="GSI" ind1="7" ind2=" ">
    <subfield code="a">115541802</subfield>
    <subfield code="0">http://d-nb.info/gnd/115541802</subfield>
    <subfield code="2">gnd</subfield>
    <subfield code="A">GND</subfield>
    <subfield code="B">GND-115541802</subfield>
    <subfield code="C">024</subfield>
  </datafield>
</record>